
%% This BibTeX bibliography file was created using BibDesk.
%% http://bibdesk.sourceforge.net/


@comment{jabref-meta: selector_journal:}
@comment{jabref-meta: selector_author:}
@comment{jabref-meta: selector_keywords:}
@comment{jabref-meta: selector_publisher:}

@unpublished{Huang2011,
TITLE        = {{Accessibility, Network Structure, and Consumers' Destination Choice, a GIS analysis of GPS Travel Data}},
  AUTHOR       = {Huang, Arthur and Levinson, David},
  YEAR         = {2011},
  NOTE         = {Accepted for presentation at the 91th Annual Transportation Research Board Conference, Washington, D.C.}
}
@unpublished{Huang2011games,
TITLE        = {{To Game or Not to Game: Teaching Transportation Planning with Board Games}},
  AUTHOR       = {Huang, Arthur and Levinson, David},
  YEAR         = {2011},
  NOTE         = {Accepted for presentation at the 91th Annual Transportation Research Board Conference, Washington, D.C.}
 }
 
 
 @UNPUBLISHED{cluster,
  author = {Huang, A. and Levinson, D.},
  title = {{CLUSTER - Clustered Locations of Urban Services, Transport, and Economic Resources.}},
   year = {2011},
  note = {Simulation Transportation for Realistic Engineering Education and Training. Source: \url{http://www.street.umn.edu/CLUSTER.html}, May 4}}
}

@article{Huang2011retailers,
  title={{Why Retailers Cluster: an Agent Model of Location Choice on Supply Chains}},
  author={Huang, A. and Levinson, D.},
  journal={Environment and Planning B: Planning and Design},
  volume={38},
  number={1},
  pages={82--94},
  year={2011}
}


@article{huang2009retail,
  title={{Retail Location Choice with Complementary Goods: An Agent-Based Model}},
  author={Huang, A. and Levinson, D.},
  journal={Lecture Notes of the Institute for Computer Sciences, Social Informatics and Telecommunications Engineering},
  volume ={4},
   number={1},
  pages={175--187},
  year={2009},
  publisher = {Springer}
}

@article{Huang2011net,
  title={{A Positive Theory Network of Network Connectivity}},
  author={Levinson, D.  and Huang, A.},
  journal={Environment and Planning B: Planning and Design},
  volume={39},
  number={2},
  pages={308--325},
  year={2012}
}

@article{skyway,
  title={{The structure and dynamics of a skyway network}},
  author={Huang, A. and Levinson, D.},
  journal={The European Physical Journal: Special Topics},
  volume={in press},
  year={2011}
}



@article{Huang2010safety,
  title={{The Effects of Daylight Saving Time on Vehicle crashes in Minnesota }},
  author={Huang, A. and Levinson, D.},
  journal={Journal of Safety Research},
  volume={41},
  number={6},
  pages={513--520},
  year={2010}
}


@article{Huang2010hot,
  title={{Safety Benefits of Converting HOV lanes to HOT lanes:
Case Study of the I-394 MnPass}},
  author={Cao, Xinyun and Xu, Zhiyi and Huang, A.},
  journal={The ITE Journal},
  volume={82},
  number={2},
  pages={32--37},
  year={2012}
}


@unpublished{Huang2011gas,
TITLE        = {{Gasoline Price Effects on Traffic Safety in Urban and Rural Area: Evidence from Minnesota, 1998-2007}},
  AUTHOR       = {Chi, G. and Quddus, M. and Huang, A. and Levinson, D.},
  YEAR         = {2011},
  NOTE         = {Submitted to the 91th Annual Transportation Research Board Conference, Washington, D.C.}
}

@unpublished{Fan2010,
TITLE        = {{How Affordable is Transportation? A Context-Sensitive Framework}},
  AUTHOR       = {Fan, Yingling and Huang, Arthur},
  YEAR         = {2010},
  NOTE         = {Report no. CTS 11-12, Series: Transitway Impacts Research Program, University of Minnesota.}
}


